
### Curvature Conditions ###

@inproceedings{karimi2016linear,
  title={Linear convergence of gradient and proximal-gradient methods under the polyak-{\l}ojasiewicz condition},
  author={Karimi, Hamed and Nutini, Julie and Schmidt, Mark},
  booktitle={Joint European Conference on Machine Learning and Knowledge Discovery in Databases},
  pages={795--811},
  year={2016},
  organization={Springer}
}

@article{zhang2013gradient,
  title={Gradient methods for convex minimization: better rates under weaker conditions},
  author={Zhang, Hui and Yin, Wotao},
  journal={arXiv preprint arXiv:1303.4645},
  year={2013}
}

### Growth Conditions ###

@article{tseng1998incremental,
  author    = {Paul Tseng},
  title     = {An Incremental Gradient(-Projection) Method with Momentum Term and
               Adaptive Stepsize Rule},
  journal   = {{SIAM} Journal on Optimization},
  volume    = {8},
  number    = {2},
  pages     = {506--531},
  year      = {1998}
}

@article{solodov1998incremental,
  author    = {Mikhail V. Solodov},
  title     = {Incremental Gradient Algorithms with Stepsizes Bounded Away from Zero},
  journal   = {Comp. Opt. and Appl.},
  volume    = {11},
  number    = {1},
  pages     = {23--35},
  year      = {1998}
}

@article{schmidt2013fast,
  title={Fast convergence of stochastic gradient descent under a strong growth condition},
  author={Schmidt, Mark and Roux, Nicolas Le},
  journal={arXiv preprint arXiv:1308.6370},
  year={2013}
}


### interpolation ###

@article{bassily2018exponential,
  title={On exponential convergence of sgd in non-convex over-parametrized learning},
  author={Bassily, Raef and Belkin, Mikhail and Ma, Siyuan},
  journal={arXiv preprint arXiv:1811.02564},
  year={2018}
}

@inproceedings{vaswani2019fast,
  author    = {Sharan Vaswani and
               Francis Bach and
               Mark W. Schmidt},
  editor    = {Kamalika Chaudhuri and
               Masashi Sugiyama},
  title     = {Fast and Faster Convergence of {SGD} for Over-Parameterized Models
               and an Accelerated Perceptron},
  booktitle = {The 22nd International Conference on Artificial Intelligence and Statistics,
               {AISTATS} 2019, 16-18 April 2019, Naha, Okinawa, Japan},
  series    = {Proceedings of Machine Learning Research},
  volume    = {89},
  pages     = {1195--1204},
  publisher = {{PMLR}},
  year      = {2019}
}
